book{article1,
    author    = "K.C.Shyamala Bai, Dr.M.V.Satyanarayana, Dr. P.A.
Vijaya",
    title     = "Variable Size Block Encryption using Dynamic-key Mechanism
(VBEDM)",
    publisher   = "International Journal of Computer Applications",
    year      = "2011"
%}


@misc{big_bang,
    key     = {Big_Bang_Theory},
    howpublished = {\url{https://en.wikipedia.org/wiki/The_Big_Bang_Theory}},
    author = "Wikipedia Community"
}

