@book{article1,
    author    = "K.C.Shyamala Bai, Dr.M.V.Satyanarayana, Dr. P.A.
Vijaya",
    title     = "Variable Size Block Encryption using Dynamic-key Mechanism
(VBEDM)",
    publisher   = "International Journal of Computer Applications",
    year      = "2011"
  
}

@book{article2,
    author    = "Imran Erguler and Emin AnarÄ±m",
    title     = "A Password-based Key Establishment Protocol with Symmetric Key Cryptography",
     
    publisher   = "IEEE International Conference on Networking and Communications",
    year = "2008"
}


@misc{article5,
    key     = {Cryptosystems},
    howpublished = {\url{http://en.wikipedia.org/wiki/RSA_(cryptosystem)}},
    author = "Wikipedia Community"

}





