book{article1,
    author    = "K.C.Shyamala Bai, Dr.M.V.Satyanarayana, Dr. P.A.
Vijaya",
    title     = "Variable Size Block Encryption using Dynamic-key Mechanism
(VBEDM)",
    publisher   = "International Journal of Computer Applications",
    year      = "2011"
%}


@misc{android,
    key     = {Android_Wiki},
    howpublished = {\url{https://en.wikipedia.org/wiki/Android_(operating_system)}},
    author = "Android - Wikipedia Community"
}

@misc{kernel_doc,
    key     = {Kernel_Doc},
    howpublished = {\url{https://www.kernel.org/doc/}},
    author = "Linux Kernel Documentation"
}





